@misc{IntroAuxCodeCorrecteurs,
	title  = {\href{https://zestedesavoir.com/tutoriels/281/introduction-aux-codes-correcteurs}{Introduction aux codes correcteurs}},
	author = {Alkareth},
	month  = {22 Juillet},
	year   = {2014}
}

@misc{WikipediaSommeDeControle,
	title = {\href{https://fr.wikipedia.org/wiki/Somme_de_contr%C3%B4le}{Somme de contrôle}}
}

@misc{WikipediaCodedeHamming,
	title = {\href{https://fr.wikipedia.org/wiki/Code_de_Hamming}{Code de Hamming}}
}

@misc{WikipediaDistancedeHamming,
	title = {\href{https://fr.wikipedia.org/wiki/Distance_de_Hamming}{Distance de Hamming}}
}

@techreport{LeCodeCorrecteurCIRC,
	title       = {\href{http://zanotti.univ-tln.fr/cd/chapter3.html}{Codage d'un signal audio-numérique sur un support à lecture optique}},
	author      = {J.-P. ZANOTTI},
	institution = {IMATH, Université de Toulon-Var}
}

@misc{EncodageDeLinformation,
	title  = {\href{http://workig.free.fr/ch07.html#id2535178}{Encodage de l'information}},
	author = {J. CHIMBAULT},
	month  = {6 Janvier},
	year   = {2006}
}


@misc{ControleDErreurs,
	title  = {\href{https://www.anael.eu/bts_ig/AMSI/Chapitre_5.2_Le_controle_de_parite.pdf}{Le contrôle d'erreurs - Les codes autovérificateurs ou autocorrecteurs}},
	author = {Anaël Mobilia}
}


@misc{WikipediaCodeCorrecteur,
	title = {\href{https://fr.wikipedia.org/wiki/Code_correcteur}{Code correcteur}}
}


@misc{CodesDetecteursEtCorrecteursDErreurs,
	title = {\href{http://www.irem.univ-bpclermont.fr/IMG/pdf/2FicheScientifique-4.pdf}{Codes détecteurs et correcteurs d'erreurs}},
	month = {Janvier},
	year  = {2015}
}


@misc{ControleDesErreurs,
	title = {\href{https://web.maths.unsw.edu.au/~lafaye/CCM/base/control.htm}{Contrôle des erreurs de transmission}}
}

@book{TheorieDesCodes,
	author = {Jean-Guillaume Dumas, Jean-Louis Roch, Sébastien Varrette, Eric Tannier},
	title = {Théorie des codes - 3e édition},
	booktitle = {Théorie des codes},
	year = {2018},
	editor = {dunod},
	subtitle = {Compression, cryptage, correction}
}
